    @BOOK{Pravidla,
      author =       "{Kolektiv autorů}",
      title =        "Pravidla českého pravopisu",
      publisher =    "Academia",
      year =         "2005",
      note =         "ISBN~80-200-1327-X",
    }

    @techreport{C11,
        author = {{ISO}},
        institution = {{International Organization for Standardization}},
        address = {{Geneva, Switzerland}},
        title = {{Information technology -- Programming languages -- C}},
        number = {{9899:1011}},
        type = {{ISO}},
        year = {{2011}}
    } 

    @misc{WG14N1570,
      author = {WG14},
      title = {{N1570 -- Information technology -- Programming languages -- C -- Committee draft}},
      howpublished = "\url{http://www.open-std.org/JTC1/SC22/WG14/www/docs/n1570.pdf}",
      year = {2011}, 
      note = "[Online; accessed 2014-01-04]",
    }

    @misc{AliasWiki,
      title = {{Alias analysis}},
      howpublished = {\url{http://en.wikipedia.org/wiki/Alias_analysis}},
      note = {Accessed: 2014-01-22}
    }

    @misc{ClangComparison,
      title = {{Clang vs Other Open Source Compilers}},
      howpublished = {\url{http://clang.llvm.org/comparison.html}},
      note = {Accessed: 2014-01-22}
    }

    @misc{ClangAST,
      title = {{Tutorial for building tools using LibTooling and LibASTMatchers}},
      howpublished = {\url{http://clang.llvm.org/docs/LibASTMatchersTutorial.html}},
      note = {Accessed: 2014-01-22}
    }

    @misc{LLVMNotation,
      title = {{LLVM Language Referrence Manual}},
      howpublished = {\url{http://llvm.org/docs/LangRef.html}},
      note = {Accessed: 2014-01-22}
    }
    
    @BOOK{Knuth,
      author =       "Donald E. Knuth",
      title =        "The {\TeX}book",
      publisher =    "Addison-Wesley Publishing Company",
      year =         "1996",
      note =         "ISBN~0-201-13447-0",
    }
    
    @BOOK{Rybicka,
      author =       "Jiří Rybička",
      title =        "{\LaTeX} pro začátečníky",
      publisher =    "Konvoj",
      year =         "1999",
      note =         "ISBN~80-85615-77-0",
    }

    @BOOK{Olsak,
      author =       "Petr Olšák",
      title =        "{\TeX}book naruby",
      publisher =    "Konvoj",
      year =         "2001",
      note =         "ISBN~80-7302-0007-6",
    }

    @BOOK{Eikh,
      author =       "Victor Eikhout",
      title =        "{\TeX}by Topics, a {\TeX}nitian's Reference ",
      publisher =    "Addison-Wesley UK",
      year =         "2001",
      note =         "ISBN~0-201-56882-9",
    }

   @MISC{cstugWeb,
      author =       "{WWW stránky}",  
      title =        "Československé sdružení uživatelů {\TeX}u",
      howpublished=  "{\tt http://www.cstug.cz}",
   }

   @MISC{fitWeb,
      author =       "Z. Rábová and P. Hanáček and P. Peringer and P. Přikryl and B. Křena",  
      title =        "Užitečné rady pro psaní odborného textu [online]",
      publisher =    "FIT VUT v Brně",
      year =         "2008-11-01 [cit. 2008-11-28]",
      howpublished=  "{\tt http://www.fit.vutbr.cz/info/statnice/psani\_textu.html}",
   }
