    @techreport{C11,
        author = {{ISO}},
        institution = {{International Organization for Standardization}},
        address = {{Geneva, Switzerland}},
        title = {{Information technology -- Programming languages -- C}},
        number = {{9899:1011}},
        type = {{ISO}},
        year = {{2011}}
    } 

    @misc{WG14N1570,
      author = {WG14},
      title = {{N1570 -- Information technology -- Programming languages -- C -- Committee draft}},
      howpublished = "\url{http://www.open-std.org/JTC1/SC22/WG14/www/docs/n1570.pdf}",
      year = {2011}, 
      note = {[Online; accessed 2014-01-04]}
    }

    @misc{ClangComparison,
      title = {{Clang vs Other Open Source Compilers}},
      howpublished = {\url{http://clang.llvm.org/comparison.html}},
      note = {[Online; Accessed: 2014-01-22]}
    }

    @misc{ClangAST,
      title = {{Tutorial for building tools using LibTooling and LibASTMatchers}},
      howpublished = {\url{http://clang.llvm.org/docs/LibASTMatchersTutorial.html}},
      note = {[Online; Accessed: 2014-01-22]}
    }

    @misc{LLVMNotation,
      title = {{LLVM Language Referrence Manual}},
      howpublished = {\url{http://llvm.org/docs/LangRef.html}},
      note = {[Online; Accessed: 2014-01-22]}
    }

    @misc{CompCertBlogpost,
      author = {Robbert Krebbers},
      title = {{Non-determinism and sequence points in C}},
      howpublished = {\url{http://gallium.inria.fr/blog/non-determinism-and-sequence-points-in-c/}},
      note = {[Online; Accessed: 2014-01-29]}
    }

    @misc{formalSemantics,
      author = {Ellison, Chucky and Rosu, Grigore},
      title = {{c-semantics}},
      howpublished = {\url{http://code.google.com/p/c-semantics/}},
      note = {[Online; Accessed: 2014-01-29]}
    }

    @misc{CompCert,
      title = {{CompCert}},
      howpublished = {\url{http://compcert.inria.fr/}},
      note = {[Online; Accessed: 2014-01-29]}
    }

    @misc{Clang,
      title = {{clang: a C language family frontend for LLVM}},
      howpublished = {\url{http://clang.llvm.org}},
      note = {[Online; Accessed: 2014-01-29]}
    }

    @misc{GCC,
      title = {{GCC, the GNU Compiler Collection}},
      howpublished = {\url{http://gcc.gnu.org}},
      note = {[Online; Accessed: 2014-01-29]}
    }

    @misc{seqPointWG14,
      author = {WG14},
      title = {{N926 -- Sequence Point Analysis}},
      howpublished = {\url{http://www.open-std.org/jtc1/sc22/wg14/www/docs/n926.htm}},
      note = {[Online; Accessed: 2014-01-30]}
    }

    @misc{PVSStudio,
      title = {{PVS-Studio}},
      howpublished = {\url{http://www.viva64.com/en/d/0162/}},
      note = {[Online; Accessed: 2014-01-30]}
    }

    @misc{steensgaard,
      author = {Bjarne Steensgaard},
      title = {{Points-to Analysis in Almost Linear Time}},
      howpublished = {\url{http://www.cs.utexas.edu/users/pingali/CS380C/2007fa/papers/steensgard.pdf}},
      note = {[Online; Accessed: 2014-01-30]}
    }

    @misc{aliasAnalysis,
      author = {Thomas Lenherr},
      title = {{Taxonomy and Applications of Alias Analysis}},
      howpublished = {\url{http://e-collection.library.ethz.ch/eserv/eth:30904/eth-30904-01.pdf}},
      note = {[Online; Accessed: 2014-01-30]}
    }

    @misc{regehr,
      author = {John Regehr},
      title = {{What Other Dynamic Checkers for C/C++ are Needed?}},
      howpublished = {\url{http://blog.regehr.org/archives/966}},
      note = {[Online; Accessed: 2014-01-30]}
    }

    @misc{alias-analysis-optimizations,
      author = {Duncan Sands},
      title = {{A very basic doubt about LLVM Alias Analysis}},
      howpublished = {\url{http://lists.cs.uiuc.edu/pipermail/llvmdev/2010-February/029411.html}},
      note = {[Online; Accessed: 2014-05-06]}
    }
